%% This BibTeX bibliography file was created using BibDesk.
%% http://bibdesk.sourceforge.net/


%% Created for Tomas Zahradnicky at 2010-09-18 11:17:12 +0200 


%% Saved with string encoding Unicode (UTF-8) 

@misc{distcc,
  title={distcc, a fast free distributed compiler},
  author={Pool, Martin},
  year={2003},
  publisher={December}
}

@misc{distcc_pump,
  title = {distcc's pump mode: A New Design for Distributed C/C++ Compilation},
  howpublished = {\url{https://opensource.googleblog.com/2008/08/distccs-pump-mode-new-design-for.html}},
  note = {Accessed: 2017-07-23}
}

@misc{distcc_pump_bench,
  title = {Google Build Tools Team: Benchmark results for distcc},
  howpublished = {\url{http://distcc.googlecode.com/svn/trunk/doc/web/benchmark.html}},
  note = {Accessed: 2012-01-20}
}

@inproceedings{clondike_original,
  title={Clondike: Linux cluster of non-dedicated workstations},
  author={Kacer, Martin and Langr, Daniel and Tvrd{\'\i}k, Pavel},
  booktitle={Cluster Computing and the Grid, 2005. CCGrid 2005. IEEE International Symposium},
  volume={1},
  pages={574--581},
  year={2005},
  organization={IEEE}
}

@inproceedings{clondike_overlap,
  title={Overlapping non-dedicated clusters architecture},
  author={{\v{S}}tava, Martin and Tvrd{\'\i}k, Pavel},
  booktitle={Computer Engineering and Technology, 2009. ICCET'09. International Conference},
  volume={1},
  pages={3--10},
  year={2009},
  organization={IEEE}
}

@misc{clondike_source,
  title = {GitHub - FIT-CVUT/clondike: Projekt Clondike studentu FIT a FEL CVUT v Praze},
  howpublished = {\url{https://github.com/FIT-CVUT/clondike}},
  note = {Accessed: 2017-07-23}
}

@misc{clondike_git,
    crossref = {clondike_source}
}

@misc{samba,
  howpublished = {\url{http://www.samba.org/samba/ftp/stable/samba-3.5.9.tar.gz}},
  note = {Accessed: 2017-07-23}
}

@misc{nas_kernel,
  howpublished = {\url{http://www.kernel.org/pub/linux/kernel/v2.6/linux-2.6.32.5.tar.gz}},
  note = {Accessed: 2017-07-23}
}

@misc{nas_konfig,
  howpublished = {\url{https://github.com/MarstCVUT/Clondike/blob/master/measurements/.config-of-kernel-2.6.32.5-for-test}},
  note = {Accessed: 2017-07-23}
}

@techreport{load,
  title={UNIX Load Average, Part 1: How It Works},
  author={Gunther, Neil},
  year={2003},
  institution={Technischer Bericht, Performance Dynamics Company, Castro Valley, Kalifornien, USA}
}

@article{kerrighed,
  title={Kerrighed: a single system image cluster operating system for high performance computing},
  author={Morin, Christine and Lottiaux, Renaud and Vall{\'e}e, Geoffroy and Gallard, Pascal and Utard, Ga{\"e}l and Badrinath, Ramamurthy and Rilling, Louis},
  journal={Euro-Par 2003 Parallel Processing},
  pages={1291--1294},
  year={2003},
  publisher={Springer}
}

@misc{kerrighed_stats,
  howpublished = {\url{http://www.kerrighed.org/php/clusterslist.php?sort=totalcores\&order=desc}},
  note = {Accessed: 2012-01-20}
}

@misc{linuxpmi,
  howpublished = {\url{http://linuxpmi.org/}},
  note = {Accessed: 2012-01-20}
}

@inproceedings{xtreemos,
  title={Xtreemos: A grid operating system making your computer ready for participating in virtual organizations},
  author={Morin, Christine},
  booktitle={Object and Component-Oriented Real-Time Distributed Computing, 2007. ISORC'07. 10th IEEE International Symposium},
  pages={393--402},
  year={2007},
  organization={IEEE}
}

@article{condor,
  title={Distributed computing in practice: the Condor experience},
  author={Thain, Douglas and Tannenbaum, Todd and Livny, Miron},
  journal={Concurrency and computation: practice and experience},
  volume={17},
  number={2-4},
  pages={323--356},
  year={2005},
  publisher={Wiley Online Library}
}

@inproceedings{haizea,
  title={Capacity leasing in cloud systems using the opennebula engine},
  author={Sotomayor, Borja and Montero, Rub{\'e}n Santiago and Llorente, Ignacio Mart{\i}n and Foster, Ian and others},
  booktitle={Workshop on Cloud Computing and its Applications},
  volume={3},
  year={2008}
}

@inproceedings{haizea2,
  title={Enabling cost-effective resource leases with virtual machines},
  author={Sotomayor, Borja and Keahey, Kate and Foster, Ian and Freeman, Tim},
  booktitle={Hot Topics session in ACM/IEEE International Symposium on High Performance Distributed Computing},
  volume={2007},
  year={2007}
}

@misc{nfs,
  howpublished = {\url{http://tools.ietf.org/html/rfc1094}},
  note = {Accessed: 2017-07-23}
}

@misc{tmpfs,
  howpublished = {\url{http://lxr.linux.no/\#linux+v3.4.4/Documentation/filesystems/tmpfs.txt}},
  note = {Accessed: 2017-07-23}
}

@misc{pxe,
  title = {PXELINUX},
  howpublished = {\url{http://www.syslinux.org/wiki/index.php?title=PXELINUX}},
  note = {Accessed: 2017-07-23}
}

@misc{nfs_root,
  howpublished = {\url{http://www.kernel.org/doc/Documentation/filesystems/nfs/nfsroot.txt}},
  note = {Accessed: 2017-07-23}
}

@misc{bitcoin,
  title={Bitcoin: A peer-to-peer electronic cash system},
  author={Nakamoto, Satoshi},
  year={2008}
}

@misc{clondike_web,
  howpublished = {\url{https://sites.google.com/a/fit.cvut.cz/pcg/structure/clondike}},
  note = {Accessed: 2017-07-23}
}

@misc{cloudfoundry,
  howpublished = {\url{https://gist.github.com/gubatron/cd9cfa66839e18e49846}},
  note = {Accessed: 2017-07-23}
}

@misc{bucketsize:dht,
  howpublished = {\url{https://www.cloudfoundry.org/}},
  note = {Accessed: 2017-07-23}
}

@misc{bluemix,
  howpublished = {\url{www.ibm.com/cloud-computing/bluemix/}},
  note = {Accessed: 2017-07-23}
}

@misc{vuze,
  howpublished = {\url{http://www.vuze.com/}},
  note = {Accessed: 2017-07-23}
}

@misc{Maidsafe:route,
  howpublished = {\url{https://github.com/maidsafe/MaidSafe-DHT}},
  note = {Accessed: 2017-07-23}
}

@article{adar2000free,
  title={Free riding on Gnutella},
  author={Adar, Eytan and Huberman, Bernardo A},
  journal={First monday},
  volume={5},
  number={10},
  year={2000},
  publisher={Valauskas, Edward J.}
}

@inproceedings{clarke2001freenet,
  title={Freenet: A distributed anonymous information storage and retrieval system},
  author={Clarke, Ian and Sandberg, Oskar and Wiley, Brandon and Hong, Theodore W},
  booktitle={Designing privacy enhancing technologies},
  pages={46--66},
  year={2001},
  organization={Springer}
}

@misc{Bittorrent:bep5,
  title={Bittorrent dht protocol extension draft},
  author={Cohen, Bram}
}

@misc{Bittorrent:bep3,
  title={The BitTorrent protocol specification},
  author={Cohen, Bram},
  year={2002},
  publisher={February}
}

@misc{cohen2008bittorrent,
  title={The BitTorrent protocol specification, version 11031},
  author={Cohen, Bram},
  year={2008},
  publisher={February}
}

@inproceedings{ford2005peer,
  title={Peer-to-Peer Communication Across Network Address Translators.},
  author={Ford, Bryan and Srisuresh, Pyda and Kegel, Dan},
  booktitle={USENIX Annual Technical Conference, General Track},
  pages={179--192},
  year={2005}
}

@inproceedings{ipdps,
  title={Different approaches to distributed compilation},
  author={Gattermayer, Josef and Tvrdik, Pavel},
  booktitle={Parallel and Distributed Processing Symposium Workshops \& PhD Forum (IPDPSW), 2012 IEEE 26th International},
  pages={1128--1134},
  year={2012},
  organization={IEEE}
}

@inproceedings{pdgc,
  title={Porting clondike to heterogeneous platforms},
  author={Gattermayer, Josef and Tvrdik, Pavel},
  booktitle={Parallel Distributed and Grid Computing (PDGC), 2012 2nd IEEE International Conference},
  pages={380--384},
  year={2012},
  organization={IEEE}
}

@phdthesis{dksthesis,
  title={Distributed k-ary system: Algorithms for distributed hash tables},
  author={Ghodsi, Ali},
  year={2006}
}

@inproceedings{kaashoek2003koorde,
  title={Koorde: A simple degree-optimal distributed hash table},
  author={Kaashoek, M Frans and Karger, David R},
  booktitle={International Workshop on Peer-to-Peer Systems},
  pages={98--107},
  year={2003},
  organization={Springer}
}

@book{korzun2012structured,
  title={Structured peer-to-peer systems: fundamentals of hierarchical organization, routing, scaling, and security},
  author={Korzun, Dmitry and Gurtov, Andrei},
  year={2012},
  publisher={Springer Science \& Business Media}
}

@inproceedings{Maymounkov:2002:KPI:646334.687801,
  title={Kademlia: A peer-to-peer information system based on the xor metric},
  author={Maymounkov, Petar and Mazieres, David},
  booktitle={International Workshop on Peer-to-Peer Systems},
  pages={53--65},
  year={2002},
  organization={Springer}
}

 @inproceedings{kademlia,
    crossref = {Maymounkov:2002:KPI:646334.687801}
 }

@article{Plaxton1997,
  title={Accessing nearby copies of replicated objects in a distributed environment},
  author={Plaxton, C Greg and Rajaraman, Rajmohan and Richa, Andrea W},
  journal={Theory of computing systems},
  volume={32},
  number={3},
  pages={241--280},
  year={1999},
  publisher={Springer}
}

@inproceedings{qiu2004modeling,
  title={Performance analysis of BitTorrent-like P2P networks for video streaming services at the chunk level},
  author={Esquivel, Edgar E Baez and Rivero-Angeles, Mario E and Orea-Flores, Izlian Y},
  booktitle={Advanced Information Networking and Applications (AINA), 2014 IEEE 28th International Conference},
  pages={806--812},
  year={2014},
  organization={IEEE}
}

@article{ranjan2008peer,
  title={Peer-to-peer-based resource discovery in global grids: a tutorial},
  author={Ranjan, Rajiv and Harwood, Aaron and Buyya, Rajkumar},
  journal={IEEE Communications Surveys \& Tutorials},
  volume={10},
  number={2},
  year={2008},
  publisher={IEEE}
}

@book{Ratnasamy:2001:SCN:964723.383072,
  title={A scalable content-addressable network},
  author={Ratnasamy, Sylvia and Francis, Paul and Handley, Mark and Karp, Richard and Shenker, Scott},
  volume={31},
  number={4},
  year={2001},
  publisher={ACM}
}

@inproceedings{Rowstron:2001:PSD:646591.697650,
  title={Pastry: Scalable, decentralized object location, and routing for large-scale peer-to-peer systems},
  author={Rowstron, Antony and Druschel, Peter},
  booktitle={IFIP/ACM International Conference on Distributed Systems Platforms and Open Distributed Processing},
  pages={329--350},
  year={2001},
  organization={Springer}
}

@misc{codemonkeysteve:dht,
  howpublished = {\url{https://github.com/CodeMonkeySteve/dht}},
  note = {Accessed: 2017-07-23}
}

@inproceedings{Stoica:2001:CSP:964723.383071,
  title={Chord: A scalable P2P lookup service for internet application},
  author={Stoica, I and others},
  booktitle={PROC. ACM SIGCOMM},
  volume={1},
  year={2001}
}

@inproceedings{WangK:2013:p2p,
  title={Measuring large-scale distributed systems: case of bittorrent mainline dht},
  author={Wang, Liang and Kangasharju, Jussi},
  booktitle={Peer-to-Peer Computing (P2P), 2013 IEEE Thirteenth International Conference},
  pages={1--10},
  year={2013},
  organization={IEEE}
}

@misc{libcage,
  howpublished = {\url{https://github.com/ytakano/libcage}},
  note = {Accessed: 2017-07-23}
}

@article{Zhao:2001:TIF:894116,
  title={Tapestry: An infrastructure for fault-tolerant wide-area location and routing},
  author={Zhao, Ben Yanbin and Kubiatowicz, John and Joseph, Anthony D and others},
  year={2001},
  publisher={Computer Science Division, University of California Berkeley}
}

@misc{CRIU,
  title={CRIU: Checkpoint/Restore In Userspace, July 2011},
  author={EMELYANOV, P}
}

@book{mosix,
  title={The MOSIX distributed operating system: load balancing for UNIX},
  author={Barak, Amnon and Guday, Shai and Wheeler, Richard G},
  year={1993},
  publisher={Springer-Verlag New York, Inc.}
}

@article{tacs,
  title={TACS, a trust model for P2P networks},
  author={Marmol, Felix Gomez and Perez, Gregorio Martinez and Skarmeta, Antonio F Gomez},
  journal={Wireless Personal Communications},
  volume={51},
  number={1},
  pages={153--164},
  year={2009},
  publisher={Springer}
}

@article{fire,
  title={An integrated trust and reputation model for open multi-agent systems},
  author={Huynh, Trung Dong and Jennings, Nicholas R and Shadbolt, Nigel R},
  journal={Autonomous Agents and Multi-Agent Systems},
  volume={13},
  number={2},
  pages={119--154},
  year={2006},
  publisher={Springer}
}

@inproceedings{PTM,
  title={PTM: A pervasive trust management model for dynamic open environments},
  author={Almen{\'a}rez, Florina and Mar{\'\i}n, Andr{\'e}s and Campo, Celeste and Garcia, Carlos},
  booktitle={First Workshop on Pervasive Security, Privacy and Trust PSPT},
  volume={4},
  pages={1--8},
  year={2004}
}

@misc{bitcoin_block,
    author = {{Wikipedia, the free encyclopedia}},
    title = {Bitcoin network data},
    year = {2013},
    note = {[Accessed: 2017-07-23]},
    url = {https://en.wikipedia.org/wiki/Blockchain/media/File:Bitcoin_Block_Data.svg}
}

@misc{block_chain,
    author = {{Wikipedia, the free encyclopedia}},
    title = {Bitcoin network data},
    year = {2013},
    note = {[Accessed: 2017-07-23]},
    url = {https://en.wikipedia.org/wiki/Blockchain/media/File:Blockchain.svg}
}

@misc{ethereum_hardfork,
  howpublished = {\url{https://blog.ethereum.org/2016/10/18/faq-upcoming-ethereum-hard-fork/}},
  note = {Accessed: 2017-07-23}
}

@misc{DAO_hack,
  howpublished = {\url{http://www.coindesk.com/understanding-dao-hack-journalists/}},
  note = {Accessed: 2017-07-23}
}

@misc{DAO,
  howpublished = {\url{https://forum.daohub.org/}},
  note = {Accessed: 2017-07-23}
}

@article{bigchaindb,
  title={BigchainDB: a scalable blockchain database},
  author={McConaghy, Trent and Marques, Rodolphe and M{\"u}ller, Andreas and De Jonghe, Dimitri and McConaghy, Troy and McMullen, Greg and Henderson, Ryan and Bellemare, Sylvain and Granzotto, Alberto},
  journal={white paper, BigChainDB},
  year={2016}
}

@article{Novy,
  title={Implementace {\v{s}}kodn{\'e} do projektu Clondike},
  author={Nov{\`y}, Zden{\v{e}}k},
  year={2016},
  publisher={{\v{C}}esk{\'e} vysok{\'e} u{\v{c}}en{\'\i} technick{\'e} v Praze. Vypo{\v{c}}etn{\'\i} a informa{\v{c}}n{\'\i} centrum.}
}

@misc{blocksize,
  howpublished = {\url{http://www.coindesk.com/1mb-block-size-today-bitcoin/}},
  note = {Accessed: 2017-07-23}
}

@misc{bitcoin_scale,
  howpublished = {\url{https://en.bitcoin.it/wiki/Scalability}},
  note = {Accessed: 2017-07-23}
}

@misc{cassandra,
  howpublished = {\url{http://cassandra.apache.org/}},
  note = {Accessed: 2017-07-23}
}

@misc{hbase,
  howpublished = {\url{http://hbase.apache.org/}},
  note = {Accessed: 2017-07-23}
}

@misc{RethinkDB,
  title={Rethinkdb-rethinking database storage},
  author={Walsh, Leif and Akhmechet, Vyacheslav and Glukhovsky, Mike},
  year={2009}
}

@misc{bigchaindb_limitation,
  howpublished = {\url{https://github.com/bigchaindb/bigchaindb/issues/729}},
  note = {Accessed: 2017-07-23}
}

@misc{bitcoin_parity,
  howpublished = {\url{http://www.nasdaq.com/article/bitcoin-price-analysis-bitcoin-hits-gold-parity-again-now-in-usd-cm755817}},
  note = {Accessed: 2017-07-23}
}

@article{wilkinson2014storj,
  title={Storj a peer-to-peer cloud storage network},
  author={Wilkinson, Shawn and Boshevski, Tome and Brandoff, Josh and Buterin, Vitalik},
  year={2014},
  publisher={Citeseer}
}

@misc{gridcoin,
  howpublished = {\url{https://gridcoin.us}},
  note = {Accessed: 2017-07-23}
}

@misc{golem,
  howpublished = {\url{https://golem.network}},
  note = {Accessed: 2017-07-23}
}

@article{namiot2014micro,
  title={On micro-services architecture},
  author={Namiot, Dmitry and Sneps-Sneppe, Manfred},
  journal={International Journal of Open Information Technologies},
  volume={2},
  number={9},
  pages={24--27},
  year={2014}
}

@article{merkel2014docker,
  title={Docker: lightweight linux containers for consistent development and deployment},
  author={Merkel, Dirk},
  journal={Linux Journal},
  volume={2014},
  number={239},
  pages={2},
  year={2014},
  publisher={Belltown Media}
}

@misc{buterin2013ethereum,
  title={Ethereum white paper},
  author={Buterin, Vitalik and others},
  year={2013},
  publisher={Ethereum}
}

@inproceedings{he2010extending,
  title={Extending the EGEE grid with XtremWeb-HEP desktop grids},
  author={He, Haiwu and Fedak, Gilles and Kacsuk, Peter and Farkas, Zoltan and Balaton, Zoltan and Lodygensky, Oleg and Urbah, Etienne and Caillat, Gabriel and Araujo, Filipe and Emmen, Ad},
  booktitle={Cluster, Cloud and Grid Computing (CCGrid), 2010 10th IEEE/ACM International Conference},
  pages={685--690},
  year={2010},
  organization={IEEE}
}

@inproceedings{gattermayer2017using,
  title={Using Bootstraping Principles of Contemporary P2P File-Sharing Protocols in Large-Scale Grid Computing Systems},
  author={Gattermayer, Josef and Tvrd{\'\i}k, Pavel},
  booktitle={Parallel, Distributed and Network-based Processing (PDP), 2017 25th Euromicro International Conference},
  pages={214--218},
  year={2017},
  organization={IEEE}
}

@misc{coinmarketcap,
  howpublished = {\url{https://coinmarketcap.com}},
  note = {Accessed: 2017-07-23}
}

@article{huynh2006integrated,
  title={An integrated trust and reputation model for open multi-agent systems},
  author={Huynh, Trung Dong and Jennings, Nicholas R and Shadbolt, Nigel R},
  journal={Autonomous Agents and Multi-Agent Systems},
  volume={13},
  number={2},
  pages={119--154},
  year={2006},
  publisher={Springer}
}

@inproceedings{douceur2002sybil,
  title={The sybil attack},
  author={Douceur, John R},
  booktitle={International Workshop on Peer-to-Peer Systems},
  pages={251--260},
  year={2002},
  organization={Springer}
}

@misc{Ghana,
title={Taking the Bank to the Youth: Impact on Savings and Asset Building from the Ghana YouthSave Experiment},
author={Lee, Y and Johnson, Lissa and Sherraden, Michael and Ansong, David and Chowa, Gina and Osei-Akoto, Isaac},
year={2015},
publisher={St. Louis, MO: Washington University, Center for Social Development. http://csd. wustl. edu/Publications/Documents/WP15-43. pdf}
}

@misc{callforsavings,
  title={A Call for Savings: The Case for Microfinance to Provide Mobile Banking Deposit Services to Youth},
  author={Merijn Boppers and Jared Penner},
  year={2016},
  publisher={Child & Youth Finance International}
}

@article{cryptousers,
  title={Global cryptocurrency benchmarking study},
  author={Hileman, Garrick and Rauchs, Michel},
  journal={Cambridge Centre for Alternative Finance},
  year={2017}
}

@misc{oecd,
  title={The Importance of Financial Education},
  author={Policy Brief},
  year={2006},
  publisher={OECD Observer}
}

@misc{bitcoinaccpetance,
  howpublished = {\url{https://www.pymnts.com/news/bitcoin-tracker/2017/retail-bitcoin-acceptance-drops-even-more/}},
  note = {Accessed: 2017-10-04}
}

@misc{coinsbank,
  howpublished = {\url{https://coinsbank.com/}},
  note = {Accessed: 2017-10-04}
}

@misc{FIT,
  howpublished = {\url{https://www.fit.cvut.cz/}},
  note = {Accessed: 2017-10-04}
}

@misc{cvutweb,
  howpublished = {\url{https://www.cvut.cz/}},
  note = {Accessed: 2017-10-04}
}

@article{multiagent,
title={An integrated trust and reputation model for open multi-agent systems},
author={Huynh, Trung Dong and Jennings, Nicholas R and Shadbolt, Nigel R},
journal={Autonomous Agents and Multi-Agent Systems},
volume={13},
number={2},
pages={119--154},
year={2006},
publisher={Springer}
}

@misc{litacka,
  howpublished = {\url{https://zpravy.aktualne.cz/regiony/praha/jen-tramvajenka-v-dobe-mobilu-je-zbytecne-mit-na-karte-moc-f/r~bff09616c33911e5a0ca0025900fea04/}},
  note = {Accessed: 2017-10-04}
}

@misc{mdevcamp,
  howpublished = {\url{http://mdevcamp.cz/}},
  note = {Accessed: 2017-10-04}
}

@misc{mdevtalk,
  howpublished = {\url{https://www.mdevtalk.cz/en/}},
  note = {Accessed: 2017-10-04}
}

@article{oecd2016,
title={OECD/INFE International Survey of Adult Financial Literacy Competencies. edited by OIN o. F},
author={Atkinson, Adele and Messy, Flore-Anne},
journal={Education. Paris: OECD. Available online at: https://www. oecd. org/finance/oecd-financialliteracy-study-finds-many-adults-strugglewith-money-matters. htm},
year={2016}
}

@misc{ipdps,
  howpublished = {\url{http://www.ipdps.org/}},
  note = {Accessed: 2017-10-04}
}

@misc{pdp,
  howpublished = {\url{https://pdp2017.org/}},
  note = {Accessed: 2017-10-04}
}

@misc{icpp,
  howpublished = {\url{http://www.icpp-conf.org}},
  note = {Accessed: 2017-10-04}
}

@misc{NilsonReport,
  howpublished = {\url{https://www.atmmarketplace.com/news/payment-cards-worldwide-will-total-22b-by-2020-nilson-report-says/}},
  note = {Accessed: 2017-10-04}
}
